@Comment % Short conference names
@Comment @string{ams = "{AMS}"}
@Comment @string{alt = "{ALT}"}
@Comment @string{ram = "{IEEE} {RAM}"}
@Comment @string{auro = "{AuRo}"}
@Comment @string{aaai = "{AAAI}"}
@Comment @string{colt = "{COLT}"}
@Comment @string{icra = "{IEEE} {ICRA}"}
@Comment @string{rss = "{RSS}"}
@Comment @string{humanoids = "{IEEE-RAS} Humanoids"}
@Comment @string{ias = "{IAS}"}
@Comment @string{iros = "{IEEE/RSJ} {IROS}"}
@Comment @string{sca = "{ACM SIGGRAPH}/Eurographics {SCA}"}
@Comment @string{hri = "{ACM/IEEE} {HRI}"}
@Comment @string{hrilbr = hri # "LBR"}
@Comment @string{isrr = "{ISRR}"}
@Comment @string{aistats = "{AISTATS}"}
@Comment @string{isra = "{ISRA}"}
@Comment @string{wafr = "{WAFR}"}
@Comment @string{adprl = "{IEEE} {ADPRL}"}
@Comment @string{iser = "{ISER}"}
@Comment @string{roman = "{IEEE} {RO-MAN}"}
@Comment @string{cmu = "{CMU}"}
@Comment @string{iitm = "{IIT} Madras"}
@Comment @string{icrawuu = icra # ", Workshop on Manipulation Under Uncertainty"}
@Comment @string{aamas = "{AAMAS}"}
@Comment @string{aips = "{AIPS}"}
@Comment @string{uai = "{UAI}" } % Conference on Uncertianty in Artificial Intelligence
@Comment @string{nips = "{NIPS}" }
@Comment @string{icec = "{ICEC}"}
@Comment @string{icaps = "{ICAPS}"}
@Comment @string{ecp = "{ECP}"} % European Conference on Planning

@Comment % Short journal names
@Comment @string{ijrr = "{IJRR}"}
@Comment @string{jhri = "{JHRI}"}
@Comment @string{wear = "{Wear}"}
@Comment @string{ismc="{ISMC}"}
@Comment @string{ijra="{IJRA}"}
@Comment @string{jair="{JAIR}"} % Journal of Artificial Intelligence Research
@Comment @string{ijcai="{ICJAI}"} % International Joint Conference on Artificial Intelligence
@Comment @string{jacm = "{JACM}"}
@Comment @string{ftrob = "{FTROB}"}
@Comment @string{ai = "{AI}"}
@Comment @string{jar = "{JAR}"} % Springer Journal of Advanced Robotics

% Long conference names
@string{ai = "Artificial Intelligence"}
@string{aips = "International Conference on Artificial Intelligence Planning and Scheduling"}
@string{ams = "American Mathematical Society"}
@string{aaai = "{AAAI} Conference on Artificial Intelligence"}
@string{colt = "{COLT} Conference on Learning Theory"}
@string{icra = "{IEEE} International Conference on Robotics and Automation"}
@string{rss = "Robotics: Science and Systems"}
@string{humanoids = "{IEEE-RAS} International Conference on Humanoid Robots"}
@string{ias = "International Conference on Intelligent Autonomous Systems"}
@string{iros = "{IEEE/RSJ} International Conference on Intelligent Robots and Systems"}
@string{sca = "{ACM SIGGRAPH}/Eurographics Symposium on Computer Animation"}
@string{socs = "{SOCS} Symposium on Combinatorial Search"}
@string{hri = "{ACM/IEEE} International Conference on Human-Robot Interaction"}
@string{hrilbr = hri # " Late Breaking Report"}
@string{isrr = "International Symposium on Robotics Research"}
@string{aistats = "International Conference on Artificial Intelligence and Statistics"}
@string{isra = "International Symposium on Robotics and Automation"}
@string{wafr = "Workshop on the Algorithmic Foundations of Robotics"}
@string{adprl = "{IEEE} International Symposium on Approximate Dynamic Programming and Reinforcement Learning"}
@string{iser = "International Symposium on Experimental Robotics"}
@string{roman = "{IEEE} International Symposium on Robot and Human Interactive Communication"}
@string{cmu = "The Robotics Institute, Carnegie Mellon University"}
@string{iitm = "Mechanical Engineering, Indian Institute of Technology Madras"}
@string{icrawuu = icra # ", Workshop on Manipulation Under Uncertainty"}
@string{aamas = "International Conference on Autonomous Agents and Multi-agent Systems"}
@string{ismc = "{IEEE} Transactions on Systems, Man and Cybernetics"}
@string{ijra = "{IEEE} Journal of Robotics and Automation"}
@string{jacm = "Journal of the {ACM}"}
@string{ftrob = "Foundations and Trends in Robotics"}
@string{auro = "{Autonomous Robots}"}
@string{ram = "{IEEE} Robotics and Automation Magazine"}
@string{icarj = "{IEEE} Transactions on Robotics and Automation"}
@string{icaps = "International Conference on Automated Planning and Scheduling"}
@string{altc = "International Conference on Algorithmic Learning Theory"}
@string{icec = "{IEEE} International Conference on Evolutionary Computation"}
@string{nips = "Conference on Neural Information Processing Systems"}
@string{tssc = "{IEEE} Transactions on Systems Science and Cybernetics"}
@string{ecp = "European Conference on Planning"}

% Long journal names
@string{ijrr = "The International Journal of Robotics Research"}
@string{jhri = "Journal of Human-Robot Interaction"}
@string{amai = "Annals of Mathematics and Artificial Intelligence"}
@string{jair = "Journal of Artificial Intelligence Research"}
@string{ijcai = "International Joint Conference on Artificial Intelligence"}
@string{wear = "Wear"}
@string{ecml = "European Conference on Machine Learning"}


% Randoms
@string{pies="Probability in the Engineering and Informational Sciences"}
@string{siam="{SIAM} Journal on Control and Optimization"}

@misc{kinova,
    author = {Kinova Robotics},
    year = {2016},
    title = {JACO Assistive Robotic Device: Empowering People With Disabilities Through Innovative Algorithms},
    url = {https://www.resna.org/sites/default/files/conference/2016/other/campeau_lecours/fig1thumb.png}
}

@misc{modes,
    author = {Henny Admoni},
    year = {2018},
    title = {Kinova JACO Modes},
    notes = {Socially Assistive Robots, 16-467 Lecture Slides}
}

@inproceedings{atkinson2014shared,
  title={Shared awareness, autonomy and trust in human-robot teamwork},
  author={Atkinson, David J and Clancey, William J and Clark, Micah H},
  booktitle={Artificial Intelligence and Human-Computer Interaction: Papers from the 2014 AAAI Spring Symposium},
  year={2014}
}

@article{yagoda2012you,
  title={You want me to trust a ROBOT? The development of a human--robot interaction trust scale},
  author={Yagoda, Rosemarie E and Gillan, Douglas J},
  journal={International Journal of Social Robotics},
  year={2012},
  publisher={Springer}
}

@inproceedings{herlant2016assistive,
  title={Assistive teleoperation of robot arms via automatic time-optimal mode switching},
  author={Herlant, Laura V and Holladay, Rachel M and Srinivasa, Siddhartha S},
  booktitle={The Eleventh ACM/IEEE International Conference on Human Robot Interaction},
  year={2016},
  organization={IEEE Press}
}